@book{tp17,
address = {University of Oslo},
author = {V. Tran and T. Peter Plagemann},
publisher = {Master of Science},
title = {An open database model for storing Obstructive Sleep Apnea data Demonstrated with a prototype database application for Android},
year = {2017},
}

@article{c56,
author = {Burwell CS.},
journal = {The American Journal of Medicine},
pages = {811-8},
title = {Extreme obesity associated with alveolar hypoventilation: a pickwickian syndrome},
volume = {21},
year = {1956},
}

@article{gtd66,
author = {Gastaut, H. and Tassinari, C. A. and Duron, B.},
journal = {Brain Research},
number = {2},
pages = {167-86},
title = {Polygraphic study of the episodic diurnal and nocturnal (hypnic and respiratory) manifestations of the Pickwick syndrome},
volume = {1},
year = {1966},
}

@article{occe18,
author = {A. M Osman and S. G Carter and J. C Carberry and D. J Eckert},
journal = {Nature and Science of Sleep},
month = {June},
pages = {21-34},
title = {Obstructive sleep apnea: current perspectives},
volume = {10},
year = {2018},
url = {https://www.ncbi.nlm.nih.gov/pmc/articles/PMC5789079/},
}

@unpublished{vp17,
author = {Bệnh viện Việt Pháp},
title = {Hội chứng ngưng thở khi ngủ},
year = {2017},
url = {https://www.hfh.com.vn/vi/443/hoi-chung-ngung-tho-khi-ngu.html},
}

@unpublished{yhn12,
author = {Đại học Y Hà Nội},
title = {Nghiên cứu đặc điểm lâm sàng, đa ký giấc ngủ và hiệu quả của thở áp lực dương liên tục trong điều trị hội chứng ngừng thở do tắc nghẽn khi ngủ},
year = {2012},
}

@article{pyp00,
author = {Peppard, P. E. and Young, T. and Palta, M.},
journal = {New England Journal of Medicine},
pages = {1378-1384},
title = {Prospective study of the association between sleep-disordered breathing and hypertension},
volume = {342},
year = {2000},
}

@article{nyl00,
author = {Nieto, F. J. and Young, T. B. and Lind, B. K.},
journal = {Journal of American Medical Association},
pages = {1829-1836},
title = {Association of sleep-disordered breathing, sleep apnea, and hypertension in a large community-based study. Sleep Heart Health Study},
volume = {283},
year = {2000},
}

@article{po13,
author = {Phillips, Craig L. and Denise M. O'Driscoll},
journal = {Nature and science of sleep},
month = {May},
number = {10},
pages = {43-52},
title = {Hypertension and obstructive sleep apnea},
volume = {5},
year = {2013},
doi = {10.2147/NSS.S34841},
}

@article{cmr14,
author = {Campos-Rodriguez, F. and Martinez-Garcia, M. A. and Reyes-Nunez, N.},
journal = {American Journal of Respiratory and Critical Care Medicine},
pages = {1544-1550},
title = {Role of sleep apnea and continuous positive airway pressure therapy in the incidence of stroke or coronary heart disease in women},
volume = {189},
year = {2014},
}

@article{ras05,
author = {Reichmuth, K. J. and Austin, D. and Skatrud, J. B.},
journal = {American Journal of Respiratory and Critical Care Medicine},
pages = {1590-1595},
title = {Association of sleep apnea and type II diabetes: a population-based study},
volume = {172},
year = {2005},
}

@article{pb09,
author = {Punjabi, N. M. and Beamer, B. A.},
journal = {American Journal of Respiratory and Critical Care Medicine},
pages = {235-240},
title = {Alterations in glucose disposal in sleep-disordered breathing},
volume = {179},
year = {2009},
}

@article{vsb14,
author = {Vizzardi, E. and Sciatti, E. and Bonadei, I.},
journal = {Journal of Cardiovascular Medicine},
title = {Obstructive sleep apnoea-hypopnoea and arrhythmias: new updates},
year = {2014},
}

@article{yfp08,
author = {Young, T. and Finn, L. and Peppard, P. E.},
journal = {Sleep},
pages = {1071-1078},
title = {Sleep disordered breathing and mortality: eighteen-year follow-up of the Wisconsin sleep cohort},
volume = {31},
year = {2008},
}

@article{cpr05,
author = {Campos-Rodriguez, F. and Pena-Grinan, N. and Reyes-Nunez, N.},
journal = {Chest},
pages = {624-633},
title = {Mortality in obstructive sleep apnea-hypopnea patients treated with positive airway pressure},
volume = {128},
year = {2005},
}

@article{yefp97,
author = {T. Young and L. Evans and L. Finn and M. Palta},
journal = {Sleep},
number = {9},
pages = {705-706},
title = {Estimation of the clinically dianosed proportion of sleep apnea syndrome in middle-aged men and women},
volume = {20},
year = {1997},
}

@article{yaayo10,
author = {B. Yilmax and M. Asyali and E. Arikan and S. Yetkin and F. O. Ozgen},
journal = {BioMedical Engineering OnLine},
pages = {39},
title = {Sleep stage and obstructive apneaic epoch classification using single-lead ECG},
volume = {9},
year = {2010},
}

@inproceedings{ifja14,
author = {S. M. Isa and M. I. Fanany and W. Jatmiko and A. M. Arymurthy},
title = {Sleep Apnea Detection from ECG signal: Analysis on Optimal Features, Principal Components and Nonlinearity},
year = {2014},
}

@article{cph04,
author = {P. Chazal and T. Penzel and C. Heneghan},
journal = {Physiological Measurement},
number = {4},
pages = {967-983},
title = {Automated detection of obstructive sleep apnoea at different time scales using the electrocardiogram},
volume = {25},
year = {2004},
}

@article{sarma18,
author = {G. Surrel and A. Aminifar and F. Rincón and S. Murali and D. Atienza},
journal = {IEEE Transactions on Biomedical Circuits and Systems},
number = {4},
pages = {762-773},
title = {Online Obstructive Sleep Apnea Detection On Medical Wearable Sensors},
volume = {12},
year = {2018},
}

@unpublished{knr14,
author = {A. Kaguara and K. M. Nam and S. Reddy},
title = {A deep neural network classifier for diagnosing sleep apnea from ECG data on smartphones and small embedded systems},
year = {2014},
}

@article{lpjl18,
author = {K. Li and W. Pand and Q. Jiang and G. Liu},
journal = {Neurocomputing},
title = {A method to detect sleep apnea based on deep neural network and hidden markov model using single lead ECG signal},
year = {2018},
}

@article{pmmgp00,
author = {T. Penzel and G. Moody and R. Mark and A. Goldberger and J. Peter},
journal = {Computers in Cardiology},
pages = {255-258},
title = {The Apnea-ECG Database},
volume = {27},
year = {2000},
}

@inproceedings{pfmgobv18,
address = {Honolulu, HI, USA},
author = {G. Papini and P. Fonseca and J. Margarito and M. Gilst and S. Overeem and W. Bergmans and R. Vullings},
booktitle = {2018 40th Annual International Conference of the IEEE Engineering in Medicine and Biology Society (EMBC)},
publisher = {IEEE},
title = {On the generalizability of ECG-based obstructive sleep apnea monitoring: merits and limitations of the Apnea-ECG database},
year = {2018},
}

@techreport{p10,
author = {U. Philips},
institution = {Philips [Online]},
title = {Alice PDx - Portable sleep diagnostic system},
year = {2010},
url = {https://www.usa.philips.com/healthcare/product/HC1043941/alice-pdx-portable-sleep-diagnostic-system/overview},
}

@inproceedings{zzwq13,
address = {Philadelphia, PA, USA},
author = {J. Zhang and Q. Zhang and Y. Wang and C. Qiu},
booktitle = {2013 ACM/IEEE International Conference on Information Processing in Sensor Networks (IPSN)},
publisher = {IEEE},
title = {A real-time auto-adjustable smart pillow system for sleep apnea detection and treatment},
year = {2013},
}

@mastersthesis{a13,
author = {Avalur, D. S.},
month = {August},
school = {University of Groningen, Groningen, The Netherlands},
title = {Human Breath Detection using a Microphone},
year = {2013},
}

@article{shsv14,
author = {E. Suaste-Gómez and D. Hernández-Rivera and A. S. Sánchez-Sánchez and E. Villarreal-Calva},
journal = {US National Library of Medicine National Institutes of Health},
pages = {21524-24534},
title = {Electrically Insulated Sensing of Respiratory Rate and Heartbeat Using Optical Fibers},
year = {2014},
}

@inproceedings{bdl10,
address = {Fairborn, OH, USA},
author = {C. L. Bucklin and M. Das and S. L. Luo},
booktitle = {Proceedings of the IEEE 2010 National Aerospace \& Electronics Conference},
pages = {396-399},
publisher = {IEEE},
title = {An inexpensive accelerometer-based sleep-apnea screening technique},
year = {2010},
}

@inproceedings{ppbp14,
address = {Valencia},
author = {P. Pierleoni and L. Pernini and A. Belli and L. Palma},
booktitle = {IEEE-EMBS International Conference on Biomedical and Health Informatics (BHI)},
pages = {513-516},
publisher = {IEEE},
title = {Real-time apnea detection using pressure sensor and tri-axial accelerometer},
year = {2014},
}

@inproceedings{ngw15,
author = {R. Nandakumar and S. Gollakota and N. Watson},
booktitle = {2015 Proceedings of the 13th Annual International Conference on Mobile Systems, Applications, and Services,},
pages = {45-57},
publisher = {MobiSys},
title = {Contactless Sleep Apnea Detection on Smartphones},
year = {2015},
}

@inproceedings{rofmn07,
address = {Lyon},
author = {D. Barbosa Rendón and J. L. Rojas Ojeda and L. F. Crespo Foix and D. Sánchez Morillo and M. A. Fern ndez},
booktitle = {the 29th Annual International Conference of the IEEE EMBS},
publisher = {IEEE},
title = {Mapping the Human Body for Vibrations using an Accelerometer},
year = {2007},
}
